<?xml version="1.0" encoding="UTF-8"?><collection xmlns="http://www.loc.gov/MARC21/slim"><record><leader>00523nam--2200169-i-4500</leader><controlfield tag="001">000011511</controlfield><controlfield tag="002">20161230</controlfield><controlfield tag="005">20161230201029</controlfield><controlfield tag="008">060222s1000------------r-----000-0-eng-d</controlfield><datafield ind1=" " ind2=" " tag="040"><subfield code="a">IFIN-HH</subfield></datafield><datafield ind1=" " ind2=" " tag="080"><subfield code="a">535.6(061.3):539.2(061.3)</subfield></datafield><datafield ind1="1" ind2=" " tag="110"><subfield code="a">Department Of Physics, Tohoku University</subfield></datafield><datafield ind1="1" ind2="0" tag="245"><subfield code="a">Color centers in ionic crystals</subfield><subfield code="b">1974 international conference on color centers in ionic crystals</subfield></datafield><datafield ind1=" " ind2=" " tag="260"><subfield code="a">Tohoku,</subfield><subfield code="b">Tohoku University</subfield><subfield code="c">1974</subfield></datafield><datafield ind1=" " ind2=" " tag="300"><subfield code="a">205P</subfield></datafield><datafield ind1=" " ind2=" " tag="856"><subfield code="a">42692</subfield><subfield code="c">539.2</subfield></datafield><datafield ind1=" " ind2=" " tag="CAT"><subfield code="a">Sys</subfield><subfield code="c">20121024</subfield><subfield code="h">172334</subfield></datafield></record></collection>